@article{RoomT, title={Room temperature multiferroicity in a transition metal dichalcogenide}, volume={7(54)}, DOI={10.1038/s41699-023-00416-x}, number={54}, journal={npj 2D Materials and Applications}, author={Cardenas-Chirivi, G. and Vega-Bustos, K. and Rojas-Páez, H. and Silvera-Vega, D. and Pazos, J. and Herrera, O. and Macías, M. A. and Espejo, C. and López-Pérez, W. and Galvis, J. A. and et al.}, year={2023}} 

@article{Ferroelectric_MoTe2, title={Room-temperature ferroelectricity in Mote2 down to the atomic monolayer limit}, volume={10}, DOI={10.1038/s41467-019-09669-x}, number={1}, journal={Nature Communications}, author={Yuan, Shuoguo and Luo, Xin and Chan, Hung Lit and Xiao, Chengcheng and Dai, Yawei and Xie, Maohai and Hao, Jianhua}, year={2019} } 
@article{Ferromagnetic_MoSe2, title={Phase-transfer induced room temperature ferromagnetic behavior in 1T@2H-MoSe2 nanosheets}, volume={7}, DOI={10.1038/srep45307}, number={1}, journal={Scientific Reports}, author={Xia, Baorui and Wang, Tongtong and Xiao, Wen and Zhang, Rongfang and Liu, Peitao and Ding, Jun and Gao, Daqiang and Xue, Desheng}, year={2017}} 
